@article{GaoDong,
  author = {Daozhou Gao and Chao-Ping Dong},
  title = {Fast Diffusion Inhibits Disease Outbreaks},
  journal = {arXiv preprint},
  year = {2019},
  url = {https://doi.org/10.48550/arXiv.1907.12229}
}

@phdthesis{DronnierThesis,
  author = {Dylan Dronnier},
  title = {Thèse : Modèles d’épidémies en dimension infinie et optimisation des stratégies de vaccination},
  school = {Université de Paris},
  year = {2022},
  url = {https://pastel.hal.science/tel-03541695}
}

@misc{DelmasCourse,
  author = {Jean-François Delmas},
  title = {Cours : Stochastic Processes and Applications},
  year = {2020},
  url = {https://cermics.enpc.fr/~delmas/Enseig/proba2-notes.pdf}
}

@article{Allen2007,
  author = {JS Allen and BM Bolker and Y Lou and AL Nevai},
  title = {Asymptotic profiles of the steady states for an SIS epidemic patch model},
  journal = {SIAM Journal on Applied Mathematics},
  volume = {67},
  number = {5},
  pages = {1283–1309},
  year = {2007}
}

@article{LajmanovichYorke,
  author = {A. Lajmanovich and J. A. Yorke},
  title = {A deterministic model for gonorrhea in a nonhomogeneous population},
  journal = {Mathematical Biosciences},
  volume = {28},
  number = {3},
  pages = {221–236},
  year = {1976}
}

@article{Kloeckner2019,
  author = {B. R. Kloeckner},
  title = {Effective perturbation theory for simple isolated eigenvalues of linear operators},
  journal = {Journal of Operator Theory},
  volume = {81},
  number = {1},
  pages = {175–194},
  year = {2019}
}

@misc{R0,
  title = {Nombre de reproduction de base},
  howpublished = {Wikipedia},
  url = {https://fr.wikipedia.org/wiki/Nombre_de_reproduction_de_base}
}

@misc{CompartmentalModels,
  title = {Modèles compartimentaux en épidémiologie},
  howpublished = {Wikipedia},
  url = {https://fr.wikipedia.org/wiki/Modèles_compartimentaux_en_épidémiologie}
}

@book{HornJohnson,
  author = {RA Horn and CR Johnson},
  title = {Matrix Analysis},
  publisher = {Cambridge University Press},
  edition = {2nd},
  year = {2013}
}

@misc{HenardExercises,
  author = {Olivier Henard},
  title = {Feuille d’exercices 2 : Chaînes de Markov : exemples et propriétés},
  year = {2019},
  url = {https://www.imo.universite-paris-saclay.fr/~olivier.henard/TD2_2019_corr.pdf}
}

@misc{Gerschgorin,
  title = {Théorème de Gerschgorin},
  howpublished = {Wikipedia},
  url = {https://fr.wikipedia.org/wiki/Th%C3%A9or%C3%A8me_de_Gerschgorin}
}

@misc{Perron,
  author = {Bachir Bekka},
  title = {Le théorème de Perron-Frobenius, les chaines de Markov et un célèbre moteur de recherche},
  year = {2007},
  url = {https://agreg-maths.univ-rennes1.fr/documentation/docs/Perron-Frobenius.pdf}
}

@book{sis,
  author = {Britton N. F.},
  title = {Essential mathematical biology},
  publisher = {Springer},
  edition = {2nd},
  year = {2003}
}